<record><leader>00000cas a22000007a 4500</leader><controlfield tag="001">14105084</controlfield><controlfield tag="008">860818d19021908txuwr ne      0    0eng d</controlfield><datafield ind1=" " ind2=" " tag="010"><subfield code="a">sn 86088476 </subfield></datafield><datafield ind1=" " ind2=" " tag="040"><subfield code="a">PPM</subfield><subfield code="b">eng</subfield><subfield code="c">PPM</subfield><subfield code="d">OCLCQ</subfield></datafield><datafield ind1=" " ind2=" " tag="042"><subfield code="a">msc</subfield></datafield><datafield ind1="0" ind2="0" tag="245"><subfield code="a">El Paso Sunday times.</subfield></datafield><datafield ind1="1" ind2="3" tag="246"><subfield code="a">El Paso morning times</subfield></datafield><datafield ind1=" " ind2=" " tag="260"><subfield code="a">El Paso, Tex. :</subfield><subfield code="b">Times Pub. Co.,</subfield><subfield code="c">1902-1908.</subfield></datafield><datafield ind1=" " ind2=" " tag="300"><subfield code="a">v. :</subfield><subfield code="b">ill. ;</subfield><subfield code="c">58 cm.</subfield></datafield><datafield ind1=" " ind2=" " tag="310"><subfield code="a">Weekly</subfield></datafield><datafield ind1="0" ind2=" " tag="362"><subfield code="a">Vol. 21, no. 265 (Mar. 2, 1902)- v. 28, (Dec. 6, 1908).</subfield></datafield><datafield ind1=" " ind2=" " tag="580"><subfield code="a">Sunday ed. of: El Paso daily times.</subfield></datafield><datafield ind1=" " ind2=" " tag="752"><subfield code="a">United States</subfield><subfield code="b">Texas</subfield><subfield code="c">El Paso</subfield><subfield code="d">El Paso.</subfield></datafield><datafield ind1="0" ind2=" " tag="775"><subfield code="t">Paso daily times</subfield><subfield code="w">(OCoLC)21940926</subfield></datafield><datafield ind1="0" ind2="0" tag="780"><subfield code="t">Paso international daily times</subfield><subfield code="w">(DLC)sn 87090171</subfield></datafield><datafield ind1="0" ind2="0" tag="785"><subfield code="t">Paso morning times</subfield><subfield code="w">(DLC)sn 86088483</subfield></datafield></record>